@book{lin2001error,
  title={Error control coding},
  author={Lin, Shu and Costello, Daniel J},
  year={2001},
  publisher={Pearson Education India}
}
@book{johannesson2015fundamentals,
  title={Fundamentals of convolutional coding},
  author={Johannesson, Rolf and Zigangirov, Kamil Sh},
  volume={15},
  year={2015},
  publisher={John Wiley \& Sons}
}

@article{sidorenko1994decoding,
  title={Decoding of convolutional codes using a syndrome trellis},
  author={Sidorenko, Vladimir and Zyablov, V},
  journal={IEEE Transactions on Information Theory},
  volume={40},
  number={5},
  pages={1663--1666},
  year={1994},
  publisher={IEEE}
}

@article{wolf1996weight,
  title={On the weight distribution of linear block codes formed from convolutional codes},
  author={Wolf, Jack Keil and Viterbi, Andrew J},
  journal={IEEE transactions on communications},
  volume={44},
  number={9},
  pages={1049--1051},
  year={1996},
  publisher={Citeseer}
}

@article{bocharova1997rational,
  title={Rational rate punctured convolutional codes for soft-decision Viterbi decoding},
  author={Bocharova, Irina E and Kudryashov, Boris D},
  journal={IEEE Transactions on Information Theory},
  volume={43},
  number={4},
  pages={1305--1313},
  year={1997},
  publisher={IEEE}
}
@article{fossorier1999weight,
  title={On the weight distribution of terminated convolutional codes},
  author={Fossorier, Marc PC and Lin, Shu and Costello, Daniel J},
  journal={IEEE Transactions on Information Theory},
  volume={45},
  number={5},
  pages={1646--1648},
  year={1999},
  publisher={IEEE}
}
@article{cedervall1989fast,
  title={A fast algorithm for computing distance spectrum of convolutional codes},
  author={Cedervall, Mats L. and Johannesson, Rolf},
  journal={IEEE Transactions on Information Theory},
  volume={35},
  number={6},
  pages={1146--1159},
  year={1989},
  publisher={IEEE}
}
@article{mason1956feedback,
  title={Feedback theory: Further properties of signal flow graphs},
  author={Mason, Samuel J},
  year={1956},
  publisher={Research Laboratory of Electronics, Massachusetts Institute of Technology}
}
@inproceedings{ashikhmin2014robust,
  title={Robust quantum error syndrome extraction by classical coding},
  author={Ashikhmin, Alexei and Lai, Ching-Yi and Brun, Todd A},
  booktitle={Information Theory (ISIT), 2014 IEEE International Symposium on},
  pages={546--550},
  year={2014},
  organization={IEEE}
}

@article{ding2015new,
  title={New constructions of quantum MDS convolutional codes derived from generalized Reed-Solomon codes},
  author={Ding, Baokun and Zhang, Tao and Ge, Gennian},
  journal={arXiv preprint arXiv:1511.01616},
  year={2015}
}
@article{gutschow2010representation,
  title={Representation of convolutional stabilizer codes as Clifford memory channels},
  author={G{\"u}tschow, Johannes},
  journal={CORNER, EU project number FP7-ICT-213681 (internal report)},
  year={2010}
}
@inproceedings{tan2012quantum,
  title={Quantum convolutional codes: Practical syndrome decoder},
  author={Tan, Peiyu and Li, Jing},
  booktitle={Information Sciences and Systems (CISS), 2012 46th Annual Conference on},
  pages={1--6},
  year={2012},
  organization={IEEE}
}
@article{babar2016fully,
  title={Fully-Parallel Quantum Turbo Decoder},
  author={Babar, Zunaira and Nguyen, Hung Viet and Botsinis, Panagiotis and Alanis, Dimitrios and Chandra, Daryus and Ng, Soon Xin and Maunder, Robert G and Hanzo, Lajos},
  journal={IEEE Access},
  volume={4},
  pages={6073--6085},
  year={2016},
  publisher={IEEE}
}
@article{la2016asymmetric,
  title={Asymmetric quantum convolutional codes},
  author={La Guardia, Giuliano G},
  journal={Quantum Information Processing},
  volume={15},
  number={1},
  pages={167--183},
  year={2016},
  publisher={Springer}
}
@article{zhu2015new,
  title={New optimal quantum convolutional codes},
  author={Zhu, Shixin and Wang, Liqi and Kai, Xiaoshan},
  journal={International Journal of Quantum Information},
  volume={13},
  number={03},
  pages={1550019},
  year={2015},
  publisher={World Scientific}
}
@article{zhang2015construction,
  title={A construction of MDS quantum convolutional codes},
  author={Zhang, Guanghui and Chen, Bocong and Li, Liangchen},
  journal={International Journal of Theoretical Physics},
  volume={54},
  number={9},
  pages={3182--3194},
  year={2015},
  publisher={Springer}
}
@inproceedings{grassl2006convolutional,
  title={Convolutional and block quantum error-correcting codes},
  author={Grassl, Markus},
  booktitle={Information Theory Workshop, 2006. ITW'06 Chengdu. IEEE},
  pages={144--148},
  year={2006},
  organization={IEEE}
}
@inproceedings{wilde2011examples,
  title={Examples of minimal-memory, non-catastrophic quantum convolutional encoders},
  author={Wilde, Mark M and Houshmand, Monireh and Hosseini-Khayat, Saied},
  booktitle={Information Theory Proceedings (ISIT), 2011 IEEE International Symposium on},
  pages={450--454},
  year={2011},
  organization={IEEE}
}
@inproceedings{tan2007construction,
  title={On construction of two classes of efficient quantum error-correction codes},
  author={Tan, Peiyu and Li, Jing},
  booktitle={Information Theory, 2007. ISIT 2007. IEEE International Symposium on},
  pages={2106--2110},
  year={2007},
  organization={IEEE}
}
@article{wang2013efficient,
  title={An efficient ML decoder for tail-biting codes based on circular trap detection},
  author={Wang, Xiaotao and Qian, Hua and Xiang, Weidong and Xu, Jing and Huang, Hao},
  journal={IEEE Transactions on Communications},
  volume={61},
  number={4},
  pages={1212--1221},
  year={2013},
  publisher={IEEE}
}

@article{chen2015some,
  title={Some families of asymmetric quantum codes and quantum convolutional codes from constacyclic codes},
  author={Chen, Jianzhang and Li, Jianping and Huang, Yuanyuan and Lin, Jie},
  journal={Linear Algebra and its Applications},
  volume={475},
  pages={186--199},
  year={2015},
  publisher={Elsevier}
}

@article{chen2015nonbinary,
  title={Nonbinary quantum convolutional codes derived from negacyclic codes},
  author={Chen, Jianzhang and Li, Jianping and Yang, Fan and Huang, Yuanyuan},
  journal={International Journal of Theoretical Physics},
  volume={54},
  number={1},
  pages={198--209},
  year={2015},
  publisher={Springer}
}
@article{aly2008quantum,
  title={On quantum and classical error control codes: constructions and applications},
  author={Aly, Salah A},
  journal={arXiv preprint arXiv:0812.5104},
  year={2008}
}
@article{houshmand2013minimal,
  title={Minimal-memory, noncatastrophic, polynomial-depth quantum convolutional encoders},
  author={Houshmand, Monireh and Hosseini-Khayat, Saied and Wilde, Mark M},
  journal={IEEE Transactions on Information Theory},
  volume={59},
  number={2},
  pages={1198--1210},
  year={2013},
  publisher={IEEE}
}

@article{wilde2009logical,
  title={Logical operators of quantum codes},
  author={Wilde, Mark M},
  journal={Physical Review A},
  volume={79},
  number={6},
  pages={062322},
  year={2009},
  publisher={APS}
}

@article{aly2008asymmetric,
  title={Asymmetric and symmetric subsystem BCH codes and beyond},
  author={Aly, Salah A},
  journal={arXiv preprint arXiv:0803.0764},
  year={2008}
}
@article{gluesing2008macwilliams,
  title={On the MacWilliams identity for convolutional codes},
  author={Gluesing-Luerssen, Heide and Schneider, Gert},
  journal={IEEE Transactions on Information Theory},
  volume={54},
  number={4},
  pages={1536--1550},
  year={2008},
  publisher={IEEE}
}
@article{babar2015exit,
  title={EXIT-chart-aided near-capacity quantum turbo code design},
  author={Babar, Zunaira and Ng, Soon Xin and Hanzo, Lajos},
  journal={IEEE Transactions on Vehicular Technology},
  volume={64},
  number={3},
  pages={866--875},
  year={2015},
  publisher={IEEE}
}
@article{la2014classical,
  title={On classical and quantum MDS-convolutional BCH codes},
  author={La Guardia, Giuliano Gadioli},
  journal={IEEE Transactions on Information Theory},
  volume={60},
  number={1},
  pages={304--312},
  year={2014},
  publisher={IEEE}
}

@inproceedings{aly2007quantum,
  title={Quantum convolutional BCH codes},
  author={Aly, Salah A and Grassl, Markus and Klappenecker, Andreas and Rotteler, Martin and Sarvepalli, Pradeep Kiran},
  booktitle={Information Theory, 2007. CWIT'07. 10th Canadian Workshop on},
  pages={180--183},
  year={2007},
  organization={IEEE}
}
@inproceedings{grassl2007constructions,
  title={Constructions of quantum convolutional codes},
  author={Grassl, Markus and Rotteler, Martin},
  booktitle={Information Theory, 2007. ISIT 2007. IEEE International Symposium on},
  pages={816--820},
  year={2007},
  organization={IEEE}
}

@article{tan2010efficient,
  title={Efficient quantum stabilizer codes: LDPC and LDPC-convolutional constructions},
  author={Tan, Peiyu and Li, Jing},
  journal={IEEE Transactions on Information Theory},
  volume={56},
  number={1},
  pages={476--491},
  year={2010},
  publisher={IEEE}
}
@article{brun2014catalytic,
  title={Catalytic quantum error correction},
  author={Brun, Todd A and Devetak, Igor and Hsieh, Min-Hsiu},
  journal={IEEE Transactions on Information Theory},
  volume={60},
  number={6},
  pages={3073--3089},
  year={2014},
  publisher={IEEE}
}
@article{wilde2010entanglement,
  title={Entanglement-assisted quantum convolutional coding},
  author={Wilde, Mark M and Brun, Todd A},
  journal={Physical Review A},
  volume={81},
  number={4},
  pages={042333},
  year={2010},
  publisher={APS}
}
@article{la2009constructions,
  title={Constructions of new families of nonbinary quantum codes},
  author={La Guardia, Giuliano G},
  journal={Physical Review A},
  volume={80},
  number={4},
  pages={042331},
  year={2009},
  publisher={APS}
}

@article{poulin2008iterative,
  title={On the iterative decoding of sparse quantum codes},
  author={Poulin, David and Chung, Yeojin},
  journal={arXiv preprint arXiv:0801.1241},
  year={2008}
}
@article{ollivier2003description,
  title={Description of a quantum convolutional code},
  author={Ollivier, Harold and Tillich, Jean-Pierre},
  journal={Physical Review Letters},
  volume={91},
  number={17},
  pages={177902},
  year={2003},
  publisher={APS}
}

@article{poulin2009quantum,
  title={Quantum serial turbo codes},
  author={Poulin, David and Tillich, Jean-Pierre and Ollivier, Harold},
  journal={IEEE Transactions on Information Theory},
  volume={55},
  number={6},
  pages={2776--2798},
  year={2009},
  publisher={IEEE}
}
@article{fujiwara2014ability,
  title={Ability of stabilizer quantum error correction to protect itself from its own imperfection},
  author={Fujiwara, Yuichiro},
  journal={Physical Review A},
  volume={90},
  number={6},
  pages={062304},
  year={2014},
  publisher={APS}
}
@article{pelchat2013degenerate,
  title={Degenerate viterbi decoding},
  author={Pelchat, Emilie and Poulin, David},
  journal={IEEE Transactions on Information Theory},
  volume={59},
  number={6},
  pages={3915--3921},
  year={2013},
  publisher={IEEE}
}
@article{kovalev2011design,
  title={Design of additive quantum codes via the code-word-stabilized framework},
  author={Kovalev, Alexey A and Dumer, Ilya and Pryadko, Leonid P},
  journal={Physical Review A},
  volume={84},
  number={6},
  pages={062319},
  year={2011},
  publisher={APS}
}
@article{forney2007convolutional,
  title={Convolutional and tail-biting quantum error-correcting codes},
  author={Forney, G David and Grassl, Markus and Guha, Saikat},
  journal={IEEE transactions on information theory},
  volume={53},
  number={3},
  pages={865--880},
  year={2007},
  publisher={IEEE}
}

@inproceedings{paler2014software,
  title={Software-based pauli tracking in fault-tolerant quantum circuits},
  author={Paler, Alexandru and Devitt, Simon and Nemoto, Kae and Polian, Ilia},
  booktitle={Design, Automation and Test in Europe Conference and Exhibition (DATE), 2014},
  pages={1--4},
  year={2014},
  organization={IEEE}
}

@article{lidar1997simulating,
  title={Simulating Ising spin glasses on a quantum computer},
  author={Lidar, Daniel A and Biham, Ofer},
  journal={Physical Review E},
  volume={56},
  number={3},
  pages={3661},
  year={1997},
  publisher={APS}
}

@article{breuckmann2016local,
  title={Local decoders for the 2D and 4D toric code},
  author={Breuckmann, Nikolas P and Duivenvoorden, Kasper and Michels, Dominik and Terhal, Barbara M},
  journal={arXiv preprint arXiv:1609.00510},
  year={2016}
}


@article{Katzgraber-spin-2013,
  author={H G Katzgraber and R S Andrist},
  title={Stability of topologically-protected quantum computing proposals as seen through spin glasses},
  journal={Journal of Physics: Conference Series},
  volume={473},
  number={1},
  pages={012019},
  url={http://stacks.iop.org/1742-6596/473/i=1/a=012019},
  year={2013},
  abstract={Sensitivity to noise makes most of the current quantum computing schemes prone to error and nonscalable, allowing only for small proof-of-principle devices. Topologically-protected quantum computing aims at solving this problem by encoding quantum bits and gates in topological properties of the hardware medium that are immune to noise that does not impact the entire system at once. There are different approaches to achieve topological stability or active error correction, ranging from quasiparticle braidings to spin models and topological colour codes. The stability of these proposals against noise can be quantified by their error threshold. This figure of merit can be computed by mapping the problem onto complex statistical-mechanical spin-glass models with local disorder on nontrival lattices that can have many-body interactions and are sometimes described by lattice gauge theories. The error threshold for a given source of error then represents the point in the temperature-disorder phase diagram where a stable symmetry-broken phase vanishes. An overview of the techniques used to estimate the error thresholds is given, as well as a summary of recent results on the stability of different topologically-protected quantum computing schemes to different error sources.}
}
@article{Poulin-subs-2005,
  title =     {Stabilizer Formalism for Operator Quantum Error
                  Correction},
  author =     {Poulin, David},
  journal =     {Phys. Rev. Lett.},
  volume =     95,
  issue =     23,
  pages =     230504,
  numpages =     4,
  year =     2005,
  month =     {Dec},
  doi =         {10.1103/PhysRevLett.95.230504},
  publisher =     {American Physical Society}
}

@article{Bacon-subs-2006,
  title =     {Operator quantum error-correcting subsystems for
                  self-correcting quantum memories},
  author =     {Bacon, Dave},
  journal =     {Phys. Rev. A},
  volume =     73,
  issue =     1,
  pages =     012340,
  numpages =     13,
  year =     2006,
  month =     {Jan},
  doi =         {10.1103/PhysRevA.73.012340},
  publisher =     {American Physical Society}
}

@Article{Dennis-Kitaev-Landahl-Preskill-2002,
  author =     {E. Dennis and Kitaev, A. and A. Landahl and
                  J. Preskill},
  LONGauthor =     {Eric Dennis and Alexei Kitaev and Andrew Landahl and
                  John Preskill},
  title =     {Topological quantum memory},
  journal =     {J. Math. Phys.},
  year =     2002,
  volume =     43,
  pages =     4452,
  annote =     {We analyze surface codes, the topological quantum
                  error-correcting codes introduced by Kitaev. In
                  these codes, qubits are arranged in a
                  two-dimensional array on a surface of nontrivial
                  topology, and encoded quantum operations are
                  associated with nontrivial homology cycles of the
                  surface. We formulate protocols for error recovery,
                  and study the efficacy of these protocols. An
                  order-disorder phase transition occurs in this
                  system at a nonzero critical value of the error
                  rate; if the error rate is below the critical value
                  the accuracy threshold!, encoded information can be
                  protected arbitrarily well in the limit of a large
                  code block. This phase transition can be accurately
                  modeled by a three-dimensional Z2 lattice gauge
                  theory with quenched disorder. We estimate the
                  accuracy threshold, assuming that all quantum gates
                  are local, that qubits can be measured rapidly, and
                  that polynomial-size classical computations can be
                  executed instantaneously. We also devise a robust
                  recovery procedure that does not require measurement
                  or fast classical processing; however, for this
                  procedure the quantum gates are local only if the
                  qubits are arranged in four or more spatial
                  dimensions. We discuss procedures for encoding,
                  measurement, and performing fault-tolerant universal
                  quantum computation with surface codes, and argue
                  that these codes provide a promising framework for
                  quantum computing architectures},
  url =         {http://dx.doi.org/10.1063/1.1499754}
}

@article{BS-code-Preskill-2013,
  author    = {John Napp and
               John Preskill},
  title     = {Optimal Bacon-Shor codes},
  journal   = {Quantum Information {\&} Computation},
  volume    = {13},
  number    = {5-6},
  pages     = {490--510},
  year      = {2013},
  url       = {http://www.rintonpress.com/xxqic13/qic-13-56/0490-0510.pdf},
  timestamp = {Wed, 17 Dec 2014 17:01:46 +0100},
  biburl    = {http://dblp.uni-trier.de/rec/bib/journals/qic/NappP13},
  bibsource = {dblp computer science bibliography, http://dblp.org}
}

@article{bravyi2011subsystem,
  title={Subsystem codes with spatially local generators},
  author={Bravyi, Sergey},
  journal={Physical Review A},
  volume={83},
  number={1},
  pages={012320},
  year={2011},
  publisher={APS}
}

@article{nishimori1981internal,
  title={Internal energy, specific heat and correlation function of the bond-random Ising model},
  author={Nishimori, Hidetoshi},
  journal={Progress of Theoretical Physics},
  volume={66},
  number={4},
  pages={1169--1181},
  year={1981},
  publisher={Oxford University Press}
}

@article{suchara2011constructions,
  title={Constructions and noise threshold of topological subsystem codes},
  author={Suchara, Martin and Bravyi, Sergey and Terhal, Barbara},
  journal={Journal of Physics A: Mathematical and Theoretical},
  volume={44},
  number={15},
  pages={155301},
  year={2011},
  publisher={IOP Publishing}
}



@inproceedings{katzgraber2013stability,
  title={Stability of topologically-protected quantum computing proposals as seen through spin glasses},
  author={Katzgraber, Helmut G and Andrist, Ruben S},
  booktitle={Journal of Physics: Conference Series},
  volume={473},
  number={1},
  pages={012019},
  year={2013},
  organization={IOP Publishing}
}

@article{kovalev2013spin,
  title={Spin glass reflection of the decoding transition for quantum error correcting codes},
  author={Kovalev, Alexey A and Pryadko, Leonid P},
  journal={arXiv preprint arXiv:1311.7688},
  year={2013}
}

@article{dumer2015thresholds,
  title={Thresholds for correcting errors, erasures, and faulty syndrome measurements in degenerate quantum codes},
  author={Dumer, Ilya and Kovalev, Alexey A and Pryadko, Leonid P},
  journal={Physical review letters},
  volume={115},
  number={5},
  pages={050502},
  year={2015},
  publisher={APS}
}

@article{calderbank1996gf4,
  title={Quantum error correction via codes over GF (4)},
  author={Calderbank, A Robert and Rains, Eric M and Shor, Peter W and Sloane, Neil JA},
  journal={arXiv preprint quant-ph/9608006},
  year={1996}
}

@article{sourlas1989spin,
  title={Spin-glass models as error-correcting codes},
  author={Sourlas, Nicolas},
  journal={Nature},
  volume={339},
  number={6227},
  pages={693--695},
  year={1989},
  publisher={Nature Publishing Group}
}

@article{wegner1971duality,
  title={Duality in generalized Ising models and phase transitions without local order parameters},
  author={Wegner, Franz J},
  journal={Journal of Mathematical Physics},
  volume={12},
  number={10},
  pages={2259--2272},
  year={1971},
  publisher={AIP Publishing}
}

@book{nishimori2001statistical,
  title={Statistical physics of spin glasses and information processing: an introduction},
  author={Nishimori, Hidetoshi},
  volume={111},
  year={2001},
  publisher={Clarendon Press}
}


@Article{Holsztynski1979,
author="Holsztynski, W.
and Slawny, J.",
title="Phase transitions in ferromagnetic spin systems at low temperatures",
journal="Communications in Mathematical Physics",
year="1979",
volume="66",
number="2",
pages="147--166",
abstract="We consider the problem of the existence of first order phase transitions in ferromagnetic spin systems at low temperatures. A criterion is given for the existence of phase transitions in terms of an algebraic system canonically associated with any interaction. The criterion involves finding out if the greatest common divisor of few polynomials belongs to the ideal generated by these polynomials.",
issn="1432-0916",
doi="10.1007/BF01197332",
url="http://dx.doi.org/10.1007/BF01197332"
}


  	
@article{Simon2013,
  author={Simon J Devitt and William J Munro and Kae Nemoto},
  title={Quantum error correction for beginners},
  journal={Reports on Progress in Physics},
  volume={76},
  number={7},
  pages={076001},
  url={http://stacks.iop.org/0034-4885/76/i=7/a=076001},
  year={2013},
  abstract={Quantum error correction (QEC) and fault-tolerant quantum computation represent one of the most vital theoretical aspects of quantum information processing. It was well known from the early developments of this exciting field that the fragility of coherent quantum systems would be a catastrophic obstacle to the development of large-scale quantum computers. The introduction of quantum error correction in 1995 showed that active techniques could be employed to mitigate this fatal problem. However, quantum error correction and fault-tolerant computation is now a much larger field and many new codes, techniques, and methodologies have been developed to implement error correction for large-scale quantum algorithms. In response, we have attempted to summarize the basic aspects of quantum error correction and fault-tolerance, not as a detailed guide, but rather as a basic introduction. The development in this area has been so pronounced that many in the field of quantum information, specifically researchers who are new to quantum information or people focused on the many other important issues in quantum computation, have found it difficult to keep up with the general formalisms and methodologies employed in this area. Rather than introducing these concepts from a rigorous mathematical and computer science framework, we instead examine error correction and fault-tolerance largely through detailed examples, which are more relevant to experimentalists today and in the near future.}
}

@article{gallager1962low,
  title={Low-density parity-check codes},
  author={Gallager, Robert},
  journal={IRE Transactions on information theory},
  volume={8},
  number={1},
  pages={21--28},
  year={1962},
  publisher={IEEE}
}

@article{gottesman1997stabilizer,
  title={Stabilizer codes and quantum error correction},
  author={Gottesman, Daniel},
  journal={arXiv preprint quant-ph/9705052},
  year={1997}
}

@inproceedings{gottesman2009introduction,
  title={An introduction to quantum error correction and fault-tolerant quantum computation},
  author={Gottesman, Daniel},
  booktitle={Quantum information science and its contributions to mathematics, Proceedings of Symposia in Applied Mathematics},
  volume={68},
  pages={13--58},
  year={2009}
}


@article{dumer2017distance,
  title={Distance verification for classical and quantum LDPC codes},
  author={Dumer, Ilya and Kovalev, Alexey and Pryadko, Leonid},
  journal={IEEE Transactions on Information Theory},
  year={2017},
  publisher={IEEE}
}
@article{gottesman1996class,
  title={Class of quantum error-correcting codes saturating the quantum Hamming bound},
  author={Gottesman, Daniel},
  journal={Physical Review A},
  volume={54},
  number={3},
  pages={1862},
  year={1996},
  publisher={APS}
}

@article{shor1995scheme,
  title={Scheme for reducing decoherence in quantum computer memory},
  author={Shor, Peter W},
  journal={Physical review A},
  volume={52},
  number={4},
  pages={R2493},
  year={1995},
  publisher={APS}
}

@article{kitaev2003fault,
  title={Fault-tolerant quantum computation by anyons},
  author={Kitaev, A Yu},
  journal={Annals of Physics},
  volume={303},
  number={1},
  pages={2--30},
  year={2003},
  publisher={Elsevier}
}

@article{dennis2002topological,
  title={Topological quantum memory},
  author={Dennis, Eric and Kitaev, Alexei and Landahl, Andrew and Preskill, John},
  journal={Journal of Mathematical Physics},
  volume={43},
  number={9},
  pages={4452--4505},
  year={2002},
  publisher={AIP}
}
@article{bravyi1998quantum,
  title={Quantum codes on a lattice with boundary},
  author={Bravyi, Sergey B and Kitaev, A Yu},
  journal={arXiv preprint quant-ph/9811052},
  year={1998}
}

@article{kubica2015unfolding,
  title={Unfolding the color code},
  author={Kubica, Aleksander and Yoshida, Beni and Pastawski, Fernando},
  journal={New Journal of Physics},
  volume={17},
  number={8},
  pages={083026},
  year={2015},
  publisher={IOP Publishing}
}

@article{bombin2010topological,
  title={Topological subsystem codes},
  author={Bomb{\'\i}n, H{\'e}ctor},
  journal={Physical Review A},
  volume={81},
  number={3},
  pages={032301},
  year={2010},
  publisher={APS}
}

@article{richardson2001capacity,
  title={The capacity of low-density parity-check codes under message-passing decoding},
  author={Richardson, Thomas J and Urbanke, R{\"u}diger L},
  journal={IEEE Transactions on information theory},
  volume={47},
  number={2},
  pages={599--618},
  year={2001},
  publisher={IEEE}
}

@article{sipser1996expander,
  title={Expander codes},
  author={Sipser, Michael and Spielman, Daniel A},
  journal={IEEE Transactions on Information Theory},
  volume={42},
  number={6},
  pages={1710--1722},
  year={1996},
  publisher={IEEE}
}
@article{mackay1999good,
  title={Good error-correcting codes based on very sparse matrices},
  author={MacKay, David JC},
  journal={IEEE transactions on Information Theory},
  volume={45},
  number={2},
  pages={399--431},
  year={1999},
  publisher={IEEE}
}
@inproceedings{berrou1993near,
  title={Near Shannon limit error-correcting coding and decoding: Turbo-codes. 1},
  author={Berrou, Claude and Glavieux, Alain and Thitimajshima, Punya},
  booktitle={Communications, 1993. ICC'93 Geneva. Technical Program, Conference Record, IEEE International Conference on},
  volume={2},
  pages={1064--1070},
  year={1993},
  organization={IEEE}
}
@article{gottesman2013fault,
  title={Fault-tolerant quantum computation with constant overhead},
  author={Gottesman, Daniel},
  journal={arXiv preprint arXiv:1310.2984},
  year={2013}
}

@inproceedings{bravyi2014homological,
  title={Homological product codes},
  author={Bravyi, Sergey and Hastings, Matthew B},
  booktitle={Proceedings of the forty-sixth annual ACM symposium on Theory of computing},
  pages={273--282},
  year={2014},
  organization={ACM}
}

@inproceedings{shor1994algorithms,
  title={Algorithms for quantum computation: Discrete logarithms and factoring},
  author={Shor, Peter W},
  booktitle={Foundations of Computer Science, 1994 Proceedings., 35th Annual Symposium on},
  pages={124--134},
  year={1994},
  organization={Ieee}
}
@article{shor1999polynomial,
  title={Polynomial-time algorithms for prime factorization and discrete logarithms on a quantum computer},
  author={Shor, Peter W},
  journal={SIAM review},
  volume={41},
  number={2},
  pages={303--332},
  year={1999},
  publisher={SIAM}
}
@inproceedings{grover1996fast,
  title={A fast quantum mechanical algorithm for database search},
  author={Grover, Lov K},
  booktitle={Proceedings of the twenty-eighth annual ACM symposium on Theory of computing},
  pages={212--219},
  year={1996},
  organization={ACM}
}

@article{grover2001schrodinger,
  title={From Schr{\"o}dinger’s equation to the quantum search algorithm},
  author={Grover, Lov K},
  journal={American Journal of Physics},
  volume={69},
  number={7},
  pages={769--777},
  year={2001},
  publisher={AAPT}
}
@article{yoder2016surface,
  title={The surface code with a twist},
  author={Yoder, Theodore J and Kim, Isaac H},
  journal={arXiv preprint arXiv:1612.04795},
  year={2016}
}
@article{bombin2009quantum,
  title={Quantum measurements and gates by code deformation},
  author={Bombin, H and Martin-Delgado, MA},
  journal={Journal of Physics A: Mathematical and Theoretical},
  volume={42},
  number={9},
  pages={095302},
  year={2009},
  publisher={IOP Publishing}
}
@article{bombin2011clifford,
  title={Clifford gates by code deformation},
  author={Bombin, Hector},
  journal={New Journal of Physics},
  volume={13},
  number={4},
  pages={043005},
  year={2011},
  publisher={IOP Publishing}
}
@article{knill1996concatenated,
  title={Concatenated quantum codes},
  author={Knill, Emanuel and Laflamme, Raymond},
  journal={arXiv preprint quant-ph/9608012},
  year={1996}
}

@article{crosswhite2011automated,
  title={Automated searching for quantum subsystem codes},
  author={Crosswhite, Gregory M and Bacon, Dave},
  journal={Physical Review A},
  volume={83},
  number={2},
  pages={022307},
  year={2011},
  publisher={APS}
}

@phdthesis{yoshida2012studying,
  title={Studying many-body physics through quantum coding theory},
  author={Yoshida, Beni},
  year={2012},
  school={Massachusetts Institute of Technology}
}

